@ARTICLE{USGS,
    title={Geothermal basics},
    author={Office of Energy Efficiency and Renewable Energy},
    note={\url{https://www.energy.gov/eere/geothermal/geothermal-basics}},
    year={2022}
}
@ARTICLE{saliency,
    title={Saliency Map for Visualizing Deep Learning Model Using PyTorch},
    author={Irfan Alghani Khalid},
    note={\url{https://towardsdatascience.com/saliency-map-using-pytorch-68270fe45e80}},
    year={2021}
}
@ARTICLE{backprop,
    title={Guided Backpropogation with Pytorch and Tensorflow},
    author={Khanlian Chung},
    note={\url{https://www.coderskitchen.com/guided-backpropagation-with-pytorch-and-tensorflow/}},
    year={2021}
}
@ARTICLE{d2l,
    title={Dive into Deep Learning},
    author={Aston Zhang and Zachary C. Lipton and Mu Li and Alexander J. Smola},
    note={\url{https://d2l.ai/}},
    year={2021}
}
@ARTICLE{transforms,
    note={\url{https://pytorch.org/vision/stable/transforms.html}}
}
